@Manual{ TidalAnalysisAndPrediction,
title = "Manual of harmonic analysis and prediction of tides",
author = "Paul Schureman",
year = "1940",
url = "http://www.archive.org/details/manualofharmonic00schu",
file = "file:///home/ecola/allain/LEGOS/literature/localfileS/20111007-www.archive.org_details_manualofharmonic00schu_.pdf",
note = "Downloaded BW version on 7 Oct 2011 because all the book is in BW ... but the yellowed paper!"
}
